<record><leader>00000cas a2200000 i 4500</leader><controlfield tag="001">833181534</controlfield><controlfield tag="006">m     o  d        </controlfield><controlfield tag="007">cr |||||||||||</controlfield><controlfield tag="008">130328d1877188upauwr ne      0   a0eng  </controlfield><datafield ind1=" " ind2=" " tag="010"><subfield code="a">  2013218676</subfield></datafield><datafield ind1=" " ind2=" " tag="040"><subfield code="a">DLC</subfield><subfield code="b">eng</subfield><subfield code="e">rda</subfield><subfield code="c">DLC</subfield><subfield code="d">OCLCQ</subfield><subfield code="d">OCLCF</subfield></datafield><datafield ind1="0" ind2=" " tag="022"><subfield code="a">2327-6908</subfield><subfield code="2">1</subfield></datafield><datafield ind1=" " ind2=" " tag="042"><subfield code="a">pcc</subfield><subfield code="a">nsdp</subfield></datafield><datafield ind1=" " ind2=" " tag="043"><subfield code="a">n-us-pa</subfield></datafield><datafield ind1="1" ind2="0" tag="050"><subfield code="a">ISSN RECORD</subfield></datafield><datafield ind1="0" ind2="0" tag="082"><subfield code="a">071</subfield><subfield code="2">23</subfield></datafield><datafield ind1="0" ind2=" " tag="130"><subfield code="a">New Bloomfield, Pa. times (Online)</subfield></datafield><datafield ind1=" " ind2="4" tag="222"><subfield code="a">The New Bloomfield, Pa. times</subfield><subfield code="b">(Online)</subfield></datafield><datafield ind1="1" ind2="4" tag="245"><subfield code="a">The New Bloomfield, Pa. times.</subfield></datafield><datafield ind1="1" ind2="3" tag="246"><subfield code="a">Times</subfield></datafield><datafield ind1=" " ind2="1" tag="264"><subfield code="a">New Bloomfield, Pa. :</subfield><subfield code="b">F. Mortimer &amp; Co.</subfield></datafield><datafield ind1=" " ind2=" " tag="310"><subfield code="a">Weekly</subfield></datafield><datafield ind1=" " ind2=" " tag="336"><subfield code="a">text</subfield><subfield code="b">txt</subfield><subfield code="2">rdacontent</subfield></datafield><datafield ind1=" " ind2=" " tag="337"><subfield code="a">computer</subfield><subfield code="b">c</subfield><subfield code="2">rdamedia</subfield></datafield><datafield ind1=" " ind2=" " tag="338"><subfield code="a">online resource</subfield><subfield code="b">cr</subfield><subfield code="2">rdacarrier</subfield></datafield><datafield ind1="1" ind2=" " tag="362"><subfield code="a">Began in 1877?</subfield></datafield><datafield ind1=" " ind2=" " tag="530"><subfield code="a">Also issued in print.</subfield></datafield><datafield ind1=" " ind2=" " tag="588"><subfield code="a">Description based on: Vol. XI, no. 1 (January 2, 1877); title from masthead (Chroniclingamerica.loc.gov, viewed Mar. 28, 2013).</subfield></datafield><datafield ind1=" " ind2=" " tag="588"><subfield code="a">Latest issue consulted: Vol. XV, no. 52 (December 27, 1881) (Chroniclingamerica.loc.gov, viewed Mar. 28, 2013).</subfield></datafield><datafield ind1=" " ind2="0" tag="651"><subfield code="a">New Bloomfield (Pa.)</subfield><subfield code="v">Newspapers.</subfield></datafield><datafield ind1=" " ind2="7" tag="655"><subfield code="a">Newspapers.</subfield><subfield code="2">fast</subfield><subfield code="0">(OCoLC)fst01423814</subfield></datafield><datafield ind1=" " ind2="7" tag="651"><subfield code="a">Pennsylvania</subfield><subfield code="z">New Bloomfield.</subfield><subfield code="2">fast</subfield><subfield code="0">(OCoLC)fst01230315</subfield></datafield><datafield ind1=" " ind2=" " tag="752"><subfield code="a">United States</subfield><subfield code="b">Pennsylvania</subfield><subfield code="c">Perry</subfield><subfield code="d">New Bloomfield.</subfield></datafield><datafield ind1="1" ind2=" " tag="776"><subfield code="t">New Bloomfield, Pa. times</subfield><subfield code="x">2327-6894</subfield><subfield code="w">(DLC)sn 90069164</subfield><subfield code="w">(OCoLC)21170413</subfield></datafield><datafield ind1="0" ind2="0" tag="780"><subfield code="t">Times (New Bloomfield, Pa. : Online)</subfield></datafield><datafield ind1="0" ind2="0" tag="785"><subfield code="t">Perry County times (Online)</subfield></datafield><datafield ind1="4" ind2="1" tag="856"><subfield code="u">http://www.loc.gov/chroniclingamerica/lccn/sn90069164/issues</subfield></datafield></record>